<collection xmlns="http://www.loc.gov/MARC21/slim">
<record>
  <leader>02015nam0a2200385 i 450 </leader>
  <controlfield tag="001">IT\ICCU\CNCE\011641</controlfield>
  <controlfield tag="005">20140228000000.0</controlfield>
  <datafield tag="012" ind1=" " ind2=" ">
    <subfield code="a">leum 8.7. c.i- cttu (3) 1576 (R)</subfield>
    <subfield code="2">fei</subfield>
  </datafield>
  <datafield tag="100" ind1=" " ind2=" ">
    <subfield code="a">19970101d1576        0itac0103    ba</subfield>
  </datafield>
  <datafield tag="101" ind1=" " ind2=" ">
    <subfield code="a">LAT</subfield>
  </datafield>
  <datafield tag="102" ind1=" " ind2=" ">
    <subfield code="a">IT</subfield>
  </datafield>
  <datafield tag="200" ind1="1" ind2=" ">
    <subfield code="a">Missale Romanum, ex decreto sacrosancti Concilij Tridentini restitutum, Pii V. pont. max. iussu editum</subfield>
  </datafield>
  <datafield tag="210" ind1=" " ind2=" ">
    <subfield code="a">Venetiis</subfield>
    <subfield code="c">apud Iuntas</subfield>
    <subfield code="d">1576</subfield>
    <subfield code="e">Venetiis</subfield>
    <subfield code="g">apud Iuntas</subfield>
    <subfield code="h">1576</subfield>
  </datafield>
  <datafield tag="215" ind1=" " ind2=" ">
    <subfield code="a">\18!, 325, \1! c.</subfield>
    <subfield code="c">ill.</subfield>
    <subfield code="d">fol</subfield>
  </datafield>
  <datafield tag="500" ind1="1" ind2="0">
    <subfield code="3">IT\ICCU\CNCE\037213</subfield>
    <subfield code="a">Missale</subfield>
  </datafield>
  <datafield tag="620" ind1=" " ind2=" ">
    <subfield code="a">IT</subfield>
    <subfield code="d">Venezia</subfield>
  </datafield>
  <datafield tag="710" ind1="0" ind2="2">
    <subfield code="a">Chiesa cattolica</subfield>
    <subfield code="3">6731</subfield>
  </datafield>
  <datafield tag="712" ind1="0" ind2="0">
    <subfield code="a">Giunta, Lucantonio</subfield>
    <subfield code="c"> &lt;2.&gt;</subfield>
    <subfield code="3">IT\ICCU\CNCT\000089</subfield>
    <subfield code="4">650</subfield>
  </datafield>
  <datafield tag="791" ind1="0" ind2="0">
    <subfield code="a">Iunta, Lucas Antonius</subfield>
    <subfield code="c"> &lt;2.&gt;</subfield>
    <subfield code="3">IT\ICCU\CNCT\003893</subfield>
    <subfield code="z">Giunta, Lucantonio &lt;2.&gt;</subfield>
  </datafield>
  <datafield tag="791" ind1="0" ind2="0">
    <subfield code="a">Giunti, Lucantonio</subfield>
    <subfield code="c"> &lt;2.&gt;</subfield>
    <subfield code="3">IT\ICCU\CNCT\004932</subfield>
    <subfield code="z">Giunta, Lucantonio &lt;2.&gt;</subfield>
  </datafield>
  <datafield tag="801" ind1=" " ind2="3">
    <subfield code="a">IT</subfield>
    <subfield code="b">ICCU</subfield>
    <subfield code="c">20201113</subfield>
  </datafield>
  <datafield tag="899" ind1=" " ind2=" ">
    <subfield code="a">Biblioteca comunale dell&apos;Archiginnasio. Bologna</subfield>
    <subfield code="1">BO0304</subfield>
    <subfield code="2">UBO GA</subfield>
  </datafield>
  <datafield tag="899" ind1=" " ind2=" ">
    <subfield code="a">Biblioteca civica Queriniana. Brescia</subfield>
    <subfield code="1">BS0026</subfield>
    <subfield code="2">ZBS 01</subfield>
  </datafield>
  <datafield tag="899" ind1=" " ind2=" ">
    <subfield code="a">Biblioteca civica di Mondov. Mondov</subfield>
    <subfield code="1">CN0065</subfield>
    <subfield code="2">TO0 55</subfield>
  </datafield>
  <datafield tag="899" ind1=" " ind2=" ">
    <subfield code="a">Archivio storico della Diocesi. Como</subfield>
    <subfield code="1">CO0251</subfield>
    <subfield code="2">ZCO 12</subfield>
  </datafield>
  <datafield tag="899" ind1=" " ind2=" ">
    <subfield code="a">Biblioteca civica del patrimonio degli studi. Cento</subfield>
    <subfield code="1">FE0004</subfield>
    <subfield code="2">UFE CN</subfield>
  </datafield>
  <datafield tag="899" ind1=" " ind2=" ">
    <subfield code="a">Biblioteca statale. Lucca</subfield>
    <subfield code="1">LU0022</subfield>
    <subfield code="2">LUA BL</subfield>
  </datafield>
  <datafield tag="899" ind1=" " ind2=" ">
    <subfield code="a">Biblioteca della Fondazione Cassa di risparmio di Parma e Monte di credito su pegno di Busseto. Busseto</subfield>
    <subfield code="1">PR0007</subfield>
    <subfield code="2">PAR BU</subfield>
  </datafield>
  <datafield tag="899" ind1=" " ind2=" ">
    <subfield code="a">Biblioteca del Capitolo della Cattedrale. Reggio Emilia</subfield>
    <subfield code="1">RE0046</subfield>
    <subfield code="2">ZRE 01</subfield>
  </datafield>
  <datafield tag="899" ind1=" " ind2=" ">
    <subfield code="a">Biblioteca Angelica. Roma</subfield>
    <subfield code="1">RM0290</subfield>
    <subfield code="2">RML 06</subfield>
  </datafield>
  <datafield tag="899" ind1=" " ind2=" ">
    <subfield code="a">Biblioteca Fondazione Studium Generale Marcianum. Venezia</subfield>
    <subfield code="1">VE0311</subfield>
    <subfield code="2">PBE D7</subfield>
  </datafield>
  <datafield tag="911" ind1=" " ind2=" ">
    <subfield code="a">Sul front.</subfield>
    <subfield code="9">IT\ICCU\CNCM\001364</subfield>
  </datafield>
  <datafield tag="911" ind1=" " ind2=" ">
    <subfield code="a">In fine</subfield>
    <subfield code="9">IT\ICCU\CNCM\001425</subfield>
  </datafield>
  <datafield tag="921" ind1=" " ind2=" ">
    <subfield code="a">IT\ICCU\CNCM\001364</subfield>
    <subfield code="b">Giglio fiorentino e iniziali L. A.</subfield>
    <subfield code="c">Z634</subfield>
    <subfield code="d">Dimensioni: 6,8 x 9</subfield>
    <subfield code="f">GIGIO</subfield>
    <subfield code="f">LA</subfield>
    <subfield code="g">1576-1584</subfield>
  </datafield>
  <datafield tag="921" ind1=" " ind2=" ">
    <subfield code="a">IT\ICCU\CNCM\001425</subfield>
    <subfield code="b">Giglio fiorentino e iniziali L. A. In cornice.</subfield>
    <subfield code="c">U366</subfield>
    <subfield code="d">Dimensioni: 6 x 8,2</subfield>
    <subfield code="f">GIGLIO</subfield>
    <subfield code="f">LA</subfield>
    <subfield code="g">1557-1597</subfield>
  </datafield>
</record>
</collection>
